@online{vattenfall,
    author = {Leman, Jonatan},
    title = {Så fungerar vattenkraft},
    date = {2021},
    url = {https://www.vattenfall.se/fokus/hallbarhet/hur-fungerar-vattenkraft/},
    key = {value},
}
    @book{VattenkraftForOchEmot,
        author = {Vedung, Evert},
        title = {Vattenkraft: för och mot},
        date = {2011},
    }
vattenkraft för och emot - http://www.diva-portal.org/smash/record.jsf?dswid=9314&pid=diva2%3A472352&c=200&searchType=SIMPLE&language=sv&query=Evert+Vedung&af=%5B%5D&aq=%5B%5B%5D%5D&aq2=%5B%5B%5D%5D&aqe=%5B%5D&noOfRows=50&sortOrder=author_sort_asc&sortOrder2=title_sort_asc&onlyFullText=false&sf=all
mkb - vattenkraftverk

    @book{FornybaraEnergikAllorsInverkanPaDeSvenskaMiljomalen,
        author = {Molander, Sverker and Ahlborg, Helen and Arvidsson, Rickard and Hammar, Linus and Kushnir, Duncan and Wallin, Are and Westerdahl, Jenny},
        title = {Förnybara energikällors inverkan på de svenska miljömålen},
        date = {2010},
    }
    http://www.diva-portal.org/smash/record.jsf?aq2=%5B%5B%5D%5D&c=7&af=%5B%22hasFulltext%3Atrue%22%5D&searchType=SIMPLE&sortOrder2=title_sort_asc&query=milj%C3%B6p%C3%A5verkan+av+vattenkraft&language=sv&pid=diva2%3A1618232&aq=%5B%5B%5D%5D&sf=all&aqe=%5B%5D&sortOrder=author_sort_asc&onlyFullText=false&noOfRows=50&dswid=7883